<record><leader>00000cas a2200000 a 4500</leader><controlfield tag="001">28919260</controlfield><controlfield tag="008">930930d18uu1883iluwr ne      0   a0eng c</controlfield><datafield ind1=" " ind2=" " tag="010"><subfield code="a">sn 93056068 </subfield></datafield><datafield ind1=" " ind2=" " tag="040"><subfield code="a">NVF</subfield><subfield code="b">eng</subfield><subfield code="c">NVF</subfield><subfield code="d">OCL</subfield><subfield code="d">CVF</subfield><subfield code="d">NVF</subfield><subfield code="d">OCLCQ</subfield><subfield code="d">OCLCF</subfield><subfield code="d">NVF</subfield><subfield code="d">OCLCO</subfield></datafield><datafield ind1="1" ind2=" " tag="029"><subfield code="a">AU@</subfield><subfield code="b">000040664211</subfield></datafield><datafield ind1=" " ind2=" " tag="042"><subfield code="a">pcc</subfield></datafield><datafield ind1=" " ind2=" " tag="043"><subfield code="a">n-us-il</subfield></datafield><datafield ind1="0" ind2="0" tag="245"><subfield code="a">Freeport Republican.</subfield></datafield><datafield ind1=" " ind2=" " tag="260"><subfield code="a">Freeport, Ill. :</subfield><subfield code="b">Atkins &amp; Kellogg,</subfield><subfield code="c">-1883.</subfield></datafield><datafield ind1=" " ind2=" " tag="300"><subfield code="a">v.</subfield></datafield><datafield ind1=" " ind2=" " tag="310"><subfield code="a">Weekly</subfield></datafield><datafield ind1="0" ind2=" " tag="362"><subfield code="a">-v. 10, no. 48 (Apr. 21, 1883).</subfield></datafield><datafield ind1=" " ind2=" " tag="580"><subfield code="a">Merged with: Freeport journal (Freeport, Ill. : 1866), to form: Freeport journal and Republican.</subfield></datafield><datafield ind1=" " ind2=" " tag="588"><subfield code="a">Description based on: Volume 10, number 48 (Apr. 21, 1883).</subfield></datafield><datafield ind1=" " ind2="0" tag="651"><subfield code="a">Freeport (Ill.)</subfield><subfield code="v">Newspapers.</subfield></datafield><datafield ind1=" " ind2="7" tag="651"><subfield code="a">Illinois</subfield><subfield code="z">Freeport.</subfield><subfield code="2">fast</subfield><subfield code="0">(OCoLC)fst01217738</subfield></datafield><datafield ind1=" " ind2="7" tag="655"><subfield code="a">Newspapers.</subfield><subfield code="2">fast</subfield><subfield code="0">(OCoLC)fst01423814</subfield></datafield><datafield ind1=" " ind2=" " tag="752"><subfield code="a">United States</subfield><subfield code="b">Illinois</subfield><subfield code="c">Stephenson</subfield><subfield code="d">Freeport.</subfield></datafield><datafield ind1="1" ind2="7" tag="785"><subfield code="t">Freeport journal (Freeport, Ill. : 1866)</subfield><subfield code="w">(DLC)sn 84024171</subfield><subfield code="w">(OCoLC)10599914</subfield></datafield><datafield ind1="1" ind2="7" tag="785"><subfield code="t">Freeport journal and Republican</subfield><subfield code="w">(DLC)sn 84024170</subfield><subfield code="w">(OCoLC)10598431</subfield></datafield></record>